@book{kyro_2012,
    author    = {Kyrö Matti},
    title     = {International comparisons of some features of Finnish education and training},
    year      = {2012},
    publisher = {Finnish National Board of Education},
    url       = {http://www.oph.fi/english/publications/2012/international_comparisons_of_some_features_of_finnish_education_and_training_2011}
}

@book{edu_2012,
    author    = {Ministry of Education and Culture},
    title     = {Education and Research 2011-2016 - A development plan},
    subtitle  = {Reports of the Ministry of Education and Culture, Finland 2012:3},
    year      = {2012},
    publisher = {Kopijyvä Oy},
    url       = {http://www.minedu.fi/OPM/Julkaisut/2012/Kehittamissuunnitelma.html?lang=fi&extra_locale=en}
}
  